

@article{thoroughput:analysis:unslotted:ieee,
  title =	"Throughput and Delay Analysis of Unslotted {IEEE}
		 802.15.4",
  author =	"Beno{\^i}t Latr{\'e} and Pieter De Mil and Ingrid
		 Moerman and Bart Dhoedt and Piet Demeester and Niek Van
		 Dierdonck",
  journal =	"JNW",
  year = 	"2006",
  number =	"1",
  volume =	"1",
  bibdate =	"2011-09-02",
  bibsource =	"DBLP,
		 http://dblp.uni-trier.de/db/journals/jnw/jnw1.html#LatreMMDDD06",
  pages =	"20--28",
  doi = {10.4304/jnw.1.1.20-28},
  url = "http://dx.doi.org/10.4304/jnw.1.1.20-28",
}

@inproceedings{simulation:study:slotted:ieee,
  author={Koubaa, A. and Alves, M. and Tovar, E.},
  booktitle={Factory Communication Systems, 2006 IEEE International Workshop},
  title={A comprehensive simulation study of slotted {CSMA/CA} for {IEEE} 802.15.4 wireless sensor networks},
  year={2006},
  pages={183--192},
  keywords={Access protocols;Analytical models;Media Access Protocol;Multiaccess communication;Performance analysis;Physical layer;Throughput;Wireless application protocol;Wireless communication;Wireless sensor networks},
  doi={10.1109/WFCS.2006.1704149},
  url="http://dx.doi.org/10.1109/WFCS.2006.1704149",

}

@inproceedings{analysis:slotted:unslotted,
  author={Feng Wang and Dou Li and Yuping Zhao},
  booktitle={Wireless Communications, Networking and Mobile Computing, 2009. WiCom '09. 5th International Conference on},
  title={Analysis and Compare of Slotted and Unslotted {CSMA} in {IEEE} 802.15.4},
  year={2009},
  pages={1-5},
  keywords={carrier sense multiple access;telecommunication congestion control;wireless sensor networks;BTP selection;CSMA/CA;IEEE 802.15.4 WSN;MAC;basic time period;collision avoidance;nonpersistent carrier sense multiple access mechanism;normalized propagation delay;slotted CSMA;unslotted CSMA;wireless sensor network;Access protocols;Analytical models;Data communication;Delay effects;Laboratories;Multiaccess communication;Optical fiber communication;Propagation delay;Throughput;Wireless sensor networks},
  doi={10.1109/WICOM.2009.5303580},
  url="http://dx.doi.org/10.1109/WICOM.2009.5303580",
}

@inproceedings{gts:allocation:analysis,
  author={Koubaa, A. and Alves, M. and Tovar, E.},
  booktitle={Parallel and Distributed Processing Symposium, 2006. IPDPS 2006. 20th International},
  title={{GTS} allocation analysis in {IEEE} 802.15.4 for real-time wireless sensor networks},
  year={2006},
  pages={25-29},
  keywords={IEEE standards;personal area networks;protocols;wireless sensor networks;IEEE 802.15.4 MAC protocol;allocation analysis;guaranteed time slot;network calculus formalism;real-time wireless sensor networks;wireless personal area networks;Access protocols;Calculus;Delay;Intelligent networks;Media Access Protocol;Throughput;Timing;Wireless application protocol;Wireless personal area networks;Wireless sensor networks},
  doi={10.1109/IPDPS.2006.1639415},
  url="http://dx.doi.org/10.1109/IPDPS.2006.1639415",
}

@BOOK{ieee:802:15:4:2011,
  journal={ },
  title={IEEE Std 802.15.4-2011. {IEEE} Standard for Local and metropolitan area networks--Part 15.4: Low-Rate Wireless Personal Area Networks ({LR-WPANs}) --- Revision of IEEE Std 802.15.4-2006},
  year={2011},
  numpages={314},
  doi={10.1109/IEEESTD.2011.6012487},
  url="http://dx.doi.org/10.1109/IEEESTD.2011.6012487",
}



@article{overview:wsn:evolution,
  AUTHOR = {Buratti, Chiara and Conti, Andrea and Dardari, Davide and Verdone, Roberto},
  TITLE = {An Overview on Wireless Sensor Networks Technology and Evolution},
  JOURNAL = {Sensors},
  VOLUME = {9},
  YEAR = {2009},
  NUMBER = {9},
  PAGES = {6869--6896},
  URL = {http://www.mdpi.com/1424-8220/9/9/6869},
  PubMedID = {22423202},
  ISSN = {1424-8220},
  DOI = {10.3390/s90906869},
  url="http://dx.doi.org/10.1109/IEEESTD.2011.6012487",
}


@inproceedings{idaacs:2013:adhoc:media:facade,
  author={Ilin, P. and Brovkov, V. and Sieck, J.},
  booktitle={The 7th International Conference on Intelligent Data Acquisition and Advanced Computing Systems (IDAACS): Technology and Applications},
  title={Ad-hoc Media Facade},
  year={2013},
  pages={474-477},
}
